<?xml version="1.0" encoding="UTF-8"?>
<collection xmlns:xsi="http://www.w3.org/2001/XMLSchema-instance" xsi:schemaLocation="http://www.loc.gov/MARC21/slim http://www.loc.gov/standards/marcxml/schema/MARC21slim.xsd" xmlns="http://www.loc.gov/MARC21/slim">
<record>
  <leader>00858cam a22002171  4500</leader>
  <controlfield tag="001">3068428</controlfield>
  <controlfield tag="003">NNC</controlfield>
  <controlfield tag="005">20090421181647.0</controlfield>
  <controlfield tag="008">010820s1954    ua            000 0 ara d</controlfield>
  <datafield tag="035" ind1=" " ind2=" ">
    <subfield code="a">(OCoLC)ocm47809055</subfield>
  </datafield>
  <datafield tag="035" ind1=" " ind2=" ">
    <subfield code="9">ATP0883CU</subfield>
  </datafield>
  <datafield tag="035" ind1=" " ind2=" ">
    <subfield code="a">(NNC)3068428</subfield>
  </datafield>
  <datafield tag="040" ind1=" " ind2=" ">
    <subfield code="a">ZCU</subfield>
    <subfield code="c">ZCU</subfield>
  </datafield>
  <datafield tag="099" ind1=" " ind2=" ">
    <subfield code="a">893.7991</subfield>
    <subfield code="a">Ar463</subfield>
  </datafield>
  <datafield tag="100" ind1="0" ind2=" ">
    <subfield code="a">Aristotle.</subfield>
  </datafield>
  <datafield tag="245" ind1="1" ind2="0">
    <subfield code="a">Fī al-nafs [li] Aristütālis̄.</subfield>
    <subfield code="c">al-Ārāʾ al-ṭabīʻiyah, al-mansūb ila Flutarkhus. al-Ḥāss wa-al-maḥsüs, li Ibn Rushd. al-Nabāt, al-ṃansūb ilā Aristūtālīs. Rājaʻ ahā ʻalā uṣūlihā al-Yūnānīyah washaraḥahā wahaqqaqahā waqaddama lahā ʻAbd-al-Raḥmān Badawī.</subfield>
  </datafield>
  <datafield tag="260" ind1=" " ind2=" ">
    <subfield code="a">al-Qāhirah,</subfield>
    <subfield code="b">Maktabat al-Nahḍah al-Miṣrīyah,</subfield>
    <subfield code="c">1954.</subfield>
  </datafield>
  <datafield tag="300" ind1=" " ind2=" ">
    <subfield code="a">4, 53, 290 p.</subfield>
  </datafield>
  <datafield tag="490" ind1="1" ind2=" ">
    <subfield code="a">Islamica ;</subfield>
    <subfield code="v">16</subfield>
  </datafield>
  <datafield tag="830" ind1=" " ind2="0">
    <subfield code="a">Islamica ;</subfield>
    <subfield code="v">16.</subfield>
  </datafield>
  <datafield tag="955" ind1=" " ind2=" ">
    <subfield code="b">CU58868186</subfield>
    <subfield code="d">off,glx</subfield>
    <subfield code="e">893.7991 Ar463</subfield>
  </datafield>
</record>
</collection>